<?xml version="1.0" encoding="UTF-8"?><collection xmlns="http://www.loc.gov/MARC21/slim"><record><leader>00415nam--2200133-i-4500</leader><controlfield tag="001">000024124</controlfield><controlfield tag="002">20161230</controlfield><controlfield tag="005">20161230201035</controlfield><controlfield tag="008">060222s1000------------r-----000-0-eng-d</controlfield><datafield ind1=" " ind2=" " tag="080"><subfield code="a">621.375.826(043)</subfield></datafield><datafield ind1=" " ind2=" " tag="100"><subfield code="a">Grigoriu, Constantin</subfield></datafield><datafield ind1=" " ind2=" " tag="245"><subfield code="a">Contributii la realizarea laserilor cu c)2 cu functionare in impulsuri. teza</subfield></datafield><datafield ind1=" " ind2=" " tag="260"><subfield code="a">Bucuresti, Comitetul De Stat Pentru Energia Nucleara, 1982. 169p</subfield></datafield><datafield ind1=" " ind2=" " tag="852"><subfield code="a">70089</subfield></datafield></record></collection>